@book{NumberFields,
author = {Marcus, Daniel A.},
address = {New York},
booktitle = {Number fields},
isbn = {0387902791},
keywords = {Algebraic number theory},
language = {eng},
publisher = {Springer-Verlag},
series = {Universitext},
title = {Number fields},
year = {1977},
}

@unpublished{Wright,
author = {Wright, James},
title = {Unpublished notes on Algebraic Number Theory.},
year = {2021},
}

@unpublished{Torres,
author = {Torres, George D.},
howpublished={\url{https://web.ma.utexas.edu/users/gdavtor/notes/alg_nt_notes.pdf}},
title = {Algebraic Number Theory.},
year = {2017},
}

@unpublished{GroupTheory,
author = {Dimofte, Tudor},
title = {Group Theory.},
year = {2021},
}

@unpublished{Galois,
author = {Leinster, Tom},
title = {Galois Theory.},
year = {2021},
}

@unpublished{HonoursAlgebra,
author = {Gordon, Iain},
title = {Honours Algebra.},
year = {2019},
}

@misc{Hilbert,
title= {Hilbert's basis theorem},
howpublished  = {\url{https://en.wikipedia.org/wiki/Hilbert\%27s_basis_theorem}},
note = {Accessed: 16-03-2022}
}

@article{125000,
 ISSN = {00255718, 10886842},
 URL = {http://www.jstor.org/stable/2006167},
 author = {Samuel S. Wagstaff},
 journal = {Mathematics of Computation},
 number = {142},
 pages = {583--591},
 publisher = {American Mathematical Society},
 title = {The Irregular Primes to 125000},
 volume = {32},
 year = {1978}
}

@book{Heath,
author={Heath, Thomas L.},
title={Diophantus of Alexandria Second Edition},
year={1910},
publisher={Cambridge University Press}
}

@book{Singh,
author={Singh, Simon},
title={Fermat's Last Theorem},
publisher={Harper Perennial},
year={2007} 
}

@misc{Fermat-4,
author={Freeman, Larry},
title={Fermat's One Proof},
howpublished={\url{http://fermatslasttheorem.blogspot.com/2005/05/fermats-one-proof.html}},
date={12-05-2005},
note={Accessed: 17-03-2022}
}

@unpublished{Kummers-Lemma,
author = {Conrad, Keith},
title = {Kummer's Lemma.},
howpublished={https://kconrad.math.uconn.edu/blurbs/gradnumthy/kummer.pdf}
}

@article{History,
author={Brown, Amanda},
title={History of Fermat's Last Theorem},
year={1996},
note={Undergraduate Honors Capstone Projects.}
}

@article{History-algebraic,
author={Koch, H.},
title={The History of Algebraic Number Theory and Its Reflection at the International Congresses of Mathematicians},
year={2003},
volume={241},
pages={110-121},
inbook ={Number theory, algebra, and algebraic geometry},
city={Steklova},
serial={Trudy Mat. Inst. Steklova},
institution={Trudy Mat. Inst.}
}